@inproceedings{patrascu2014dynamic,
  title={Dynamic integer sets with optimal rank, select, and predecessor search},
  author={Patrascu, Mihai and Thorup, Mikkel},
  booktitle={2014 IEEE 55th Annual Symposium on Foundations of Computer Science (FOCS)},
  pages={166--175},
  year={2014},
  organization={IEEE}
}

@article{jacobson1988succinct,
  title={Succinct static data structures},
  author={Jacobson, Guy Joseph},
  year={1988},
  publisher={Carnegie Mellon University}
}

@article{munro2004succinct,
  title={Succinct data structures},
  author={Munro, J Ian},
  journal={Electr. Notes Theor. Comput. Sci.},
  volume={91},
  pages={3},
  year={2004}
}

@inproceedings{gonzalez2005practical,
  title={Practical implementation of rank and select queries},
  author={Gonz{\'a}lez, Rodrigo and Grabowski, Szymon and M{\"a}kinen, Veli and Navarro, Gonzalo},
  booktitle={Poster Proc. Volume of 4th Workshop on Efficient and Experimental Algorithms (WEA)},
  pages={27--38},
  year={2005}
}